@inproceedings{Akkoyunlu:1975:CTD:800213.806523,
    author = {Akkoyunlu, E. A. and Ekanadham, K. and Huber, R. V.},
    title = {Some Constraints and Tradeoffs in the Design of Network Communications},
    booktitle = {Proceedings of the Fifth ACM Symposium on Operating Systems Principles},
    series = {SOSP '75},
    year = {1975},
    location = {Austin, Texas, USA},
    pages = {67--74},
    numpages = {8},
    url = {http://doi.acm.org/10.1145/800213.806523},
    doi = {10.1145/800213.806523},
    acmid = {806523},
    publisher = {ACM},
    address = {New York, NY, USA},
    keywords = {Computer networks, Interprocess communication, Ports},
},
@article{miller_laviola,
    title={Anonymous Byzantine Consensus from Moderately-Hard Puzzles: A Model for Bitcoin}, url={https://socrates1024.s3.amazonaws.com/consensus.pdf},
    author={Miller, Andrew and LaViola, Joseph J}
},
@article{garay_kiayias_leonardos_2015,
    title={The Bitcoin Backbone Protocol: Analysis and Applications},
    DOI={10.1007/978-3-662-46803-6_10},
    journal={Advances in Cryptology - EUROCRYPT 2015 Lecture Notes in Computer Science},
    author={Garay, Juan and Kiayias, Aggelos and Leonardos, Nikos},
    year={2015},
    pages={281–310}
},
@misc{west_essertel,
    title={https://github.com/wh1t3fox/cs528project},
    url={https://github.com/wh1t3fox/cs528project},
    author={West, Craig and Essertel, Grégory}
}
